@online{AuthjsAuthenticationWeb,
  title = {Auth.Js | {{Authentication}} for the {{Web}}},
  url = {https://authjs.dev/},
  urldate = {2025-09-29},
  abstract = {Authentication for the Web},
  langid = {english},
  file = {/home/minaboktor/Zotero/storage/9D9FHCHE/authjs.dev.html}
}

@online{CreateT3App,
  title = {Create {{T3 App}}},
  url = {https://create.t3.gg/},
  urldate = {2025-09-29},
  abstract = {The best way to start a full-stack, typesafe Next.js app.},
  langid = {american},
  organization = {Create T3 App},
  file = {/home/minaboktor/Zotero/storage/6CUW5UW2/create.t3.gg.html}
}

@online{NextjsVercelReact,
  title = {Next.Js by {{Vercel}} - {{The React Framework}}},
  url = {https://nextjs.org/},
  urldate = {2025-09-29},
  abstract = {Next.js by Vercel is the full-stack React framework for the web.},
  langid = {english},
  file = {/home/minaboktor/Zotero/storage/HTCTRN5W/nextjs.org.html}
}

@online{PrismaInstantPostgres,
  title = {Prisma | {{Instant Postgres}} plus an {{ORM}} for Simpler Db Workflows},
  url = {https://www.prisma.io},
  urldate = {2025-09-29},
  abstract = {Build, fortify, and grow your application easily with an intuitive data model, type-safety, automated migrations, connection pooling and caching.},
  langid = {english},
  organization = {Prisma},
  file = {/home/minaboktor/Zotero/storage/8L2EBCBZ/www.prisma.io.html}
}

@online{shadcnFoundationYourDesign,
  title = {The {{Foundation}} for Your {{Design System}} - Shadcn/Ui},
  author = {{shadcn}},
  url = {https://ui.shadcn.com/},
  urldate = {2025-09-29},
  abstract = {A set of beautifully designed components that you can customize, extend, and build on. Start here then make it your own. Open Source. Open Code.},
  langid = {english},
  file = {/home/minaboktor/Zotero/storage/9BEUTG55/ui.shadcn.com.html}
}

@online{TailwindCSSRapidly,
  title = {Tailwind {{CSS}} - {{Rapidly}} Build Modern Websites without Ever Leaving Your {{HTML}}.},
  url = {https://tailwindcss.com/},
  urldate = {2025-09-29},
  abstract = {Tailwind CSS is a utility-first CSS framework for rapidly building modern websites without ever leaving your HTML.},
  langid = {english},
  file = {/home/minaboktor/Zotero/storage/VHZK5G2H/tailwindcss.com.html}
}

@online{TestingFrameworksJavascript,
  title = {Testing {{Frameworks}} for {{Javascript}} | {{Write}}, {{Run}}, {{Debug}} | {{Cypress}}},
  url = {https://www.cypress.io/},
  urldate = {2025-09-29},
  abstract = {Simplify front-end testing with Cypress' open-source app. Explore our versatile testing frameworks for browser-based applications and components.},
  langid = {english},
  file = {/home/minaboktor/Zotero/storage/N57INHM3/www.cypress.io.html}
}

@online{TRPCMoveFast2022,
  title = {{{tRPC}} - {{Move Fast}} and {{Break Nothing}}. {{End-to-end}} Typesafe {{APIs}} Made Easy. | {{tRPC}}},
  date = {2022-09-19},
  url = {https://trpc.io/},
  urldate = {2025-09-29},
  abstract = {End-to-end typesafe APIs made easy. Automatic typesafety \& autocompletion inferred from your API-paths, their input data, \& outputs üßô‚Äç‚ôÇÔ∏è},
  langid = {english},
  file = {/home/minaboktor/Zotero/storage/XRGLWB9G/trpc.io.html}
}

@online{Vitest,
  title = {Vitest},
  url = {https://vitest.dev/},
  urldate = {2025-09-29},
  abstract = {Next generation testing framework powered by Vite},
  langid = {american}
}
